<record><leader>00000cas a2200000 i 4500</leader><controlfield tag="001">832726361</controlfield><controlfield tag="006">m     o  d        </controlfield><controlfield tag="007">cr |||||||||||</controlfield><controlfield tag="008">130327d18441853pauwr ne      0   a0eng  </controlfield><datafield ind1=" " ind2=" " tag="010"><subfield code="a">  2013218670</subfield></datafield><datafield ind1=" " ind2=" " tag="040"><subfield code="a">DLC</subfield><subfield code="b">eng</subfield><subfield code="e">rda</subfield><subfield code="c">DLC</subfield><subfield code="d">DLC</subfield><subfield code="d">OCLCQ</subfield><subfield code="d">OCLCF</subfield></datafield><datafield ind1="0" ind2=" " tag="022"><subfield code="a">2327-6649</subfield><subfield code="2">1</subfield></datafield><datafield ind1=" " ind2=" " tag="042"><subfield code="a">pcc</subfield><subfield code="a">nsdp</subfield></datafield><datafield ind1=" " ind2=" " tag="043"><subfield code="a">n-us-pa</subfield></datafield><datafield ind1="1" ind2="0" tag="050"><subfield code="a">ISSN RECORD</subfield></datafield><datafield ind1="0" ind2="0" tag="082"><subfield code="a">071</subfield><subfield code="2">23</subfield></datafield><datafield ind1="0" ind2=" " tag="130"><subfield code="a">Mountain sentinel (Ebensburg, Pa. : Online)</subfield></datafield><datafield ind1=" " ind2="4" tag="222"><subfield code="a">The mountain sentinel</subfield><subfield code="b">(Ebensburg, Pa. Online)</subfield></datafield><datafield ind1="1" ind2="4" tag="245"><subfield code="a">The mountain sentinel.</subfield></datafield><datafield ind1=" " ind2="1" tag="264"><subfield code="a">Ebensburg [Pa.] :</subfield><subfield code="b">John G. Given,</subfield><subfield code="c">-1853.</subfield></datafield><datafield ind1=" " ind2=" " tag="310"><subfield code="a">Weekly</subfield></datafield><datafield ind1=" " ind2=" " tag="336"><subfield code="a">text</subfield><subfield code="b">txt</subfield><subfield code="2">rdacontent</subfield></datafield><datafield ind1=" " ind2=" " tag="337"><subfield code="a">computer</subfield><subfield code="b">c</subfield><subfield code="2">rdamedia</subfield></datafield><datafield ind1=" " ind2=" " tag="338"><subfield code="a">online resource</subfield><subfield code="b">cr</subfield><subfield code="2">rdacarrier</subfield></datafield><datafield ind1="1" ind2=" " tag="362"><subfield code="a">Began in 1844.</subfield><subfield code="z">Cf. Rossell, G. Pa. newspapers.</subfield></datafield><datafield ind1="1" ind2=" " tag="362"><subfield code="a">Ceased with v. IX, no. 41 (Aug. 11, 1853).</subfield></datafield><datafield ind1=" " ind2=" " tag="500"><subfield code="a">Publishers: John G. Given, 1844-&lt;1845&gt;; Daniel C. Zahm, &lt;1847-1848&gt;; John G. Given, &lt;1850-1851&gt;; A.J. Rhey, &lt;1852&gt;.</subfield></datafield><datafield ind1=" " ind2=" " tag="530"><subfield code="a">Also issued in print.</subfield></datafield><datafield ind1=" " ind2=" " tag="588"><subfield code="a">Description based on: Vol. 5, no. 28 (April 19, 1849) (Chroniclingamerica.loc.gov, viewed Mar. 27, 2013).</subfield></datafield><datafield ind1=" " ind2=" " tag="588"><subfield code="a">Latest issue consulted: V. IX, no. 41 (August 11, 1853) (Chroniclingamerica.loc.gov, viewed Mar. 27, 2013).</subfield></datafield><datafield ind1=" " ind2="0" tag="651"><subfield code="a">Ebensburg (Pa.)</subfield><subfield code="v">Newspapers.</subfield></datafield><datafield ind1=" " ind2="7" tag="655"><subfield code="a">Newspapers.</subfield><subfield code="2">fast</subfield><subfield code="0">(OCoLC)fst01423814</subfield></datafield><datafield ind1=" " ind2="7" tag="651"><subfield code="a">Pennsylvania</subfield><subfield code="z">Ebensburg.</subfield><subfield code="2">fast</subfield><subfield code="0">(OCoLC)fst01233481</subfield></datafield><datafield ind1=" " ind2=" " tag="752"><subfield code="a">United States</subfield><subfield code="b">Pennsylvania</subfield><subfield code="c">Cambria</subfield><subfield code="d">Ebensburg.</subfield></datafield><datafield ind1="1" ind2=" " tag="776"><subfield code="t">Mountain sentinel (Ebensburg, Pa.)</subfield><subfield code="x">2327-6630</subfield><subfield code="w">(DLC)sn 86071377</subfield><subfield code="w">(OCoLC)13488274</subfield></datafield><datafield ind1="0" ind2="7" tag="785"><subfield code="t">Mountain Democrat (Ebensburg, Pa. : Online)</subfield></datafield><datafield ind1="0" ind2="7" tag="785"><subfield code="t">Democrat and sentinel (Ebensburg, Pa. : Online)</subfield><subfield code="x">2327-6762</subfield><subfield code="w">(DLC)  2013218671</subfield><subfield code="w">(OCoLC)832729187</subfield></datafield><datafield ind1="4" ind2="1" tag="856"><subfield code="u">http://www.loc.gov/chroniclingamerica/lccn/sn86071377/issues</subfield></datafield></record>